<?xml version="1.0" encoding="UTF-8"?><collection xmlns="http://www.loc.gov/MARC21/slim"><record><leader>00470nam--2200169-i-4500</leader><controlfield tag="001">000023044</controlfield><controlfield tag="002">20161230</controlfield><controlfield tag="005">20161230201034</controlfield><controlfield tag="008">060222s1000------------r-----000-0-eng-d</controlfield><datafield ind1=" " ind2=" " tag="040"><subfield code="a">IFIN-HH</subfield></datafield><datafield ind1=" " ind2=" " tag="080"><subfield code="a">535.853</subfield></datafield><datafield ind1="1" ind2=" " tag="100"><subfield code="a">James, J.F.And Sternberg, R.S</subfield></datafield><datafield ind1="1" ind2="0" tag="245"><subfield code="a">The design of optical spectrometers</subfield><subfield code="c">J.f. james; r.s. sternberg</subfield></datafield><datafield ind1=" " ind2=" " tag="260"><subfield code="a">London</subfield><subfield code="b">Chapman And Hall Ltd</subfield><subfield code="c">1969</subfield></datafield><datafield ind1=" " ind2=" " tag="300"><subfield code="a">XII + 239 P</subfield></datafield><datafield ind1=" " ind2=" " tag="852"><subfield code="a">34251</subfield><subfield code="c">535.33</subfield></datafield><datafield ind1=" " ind2=" " tag="CAT"><subfield code="a">Sys</subfield><subfield code="c">20101206</subfield><subfield code="h">085743</subfield></datafield></record></collection>